<record xmlns:xsi="http://www.w3.org/2001/XMLSchema-instance" xmlns="http://www.loc.gov/MARC21/slim" xsi:schemaLocation="http://www.loc.gov/MARC21/slim http://www.loc.gov/standards/marcxml/schema/MARC21slim.xsd">

  <leader>00998nam a2200241Ia 4500</leader>
  <datafield ind2=" " ind1=" " tag="999">
    <subfield code="c">2134</subfield>
    <subfield code="d">2134</subfield>
  </datafield>
  <controlfield tag="008">180719b1991    cr ||||| |||| 00| | spa d</controlfield>
  <datafield ind2=" " ind1=" " tag="090">
    <subfield code="a">14.02.02 </subfield>
    <subfield code="b">898</subfield>
  </datafield>
  <datafield ind1=" " ind2=" " tag="100">
    <subfield code="9">4090</subfield>
    <subfield code="a">Rojas B., Ana Lorena</subfield>
  </datafield>
  <datafield tag="245" ind1="1" ind2="0">
    <subfield code="a">Situación actual de la adolescencia en la educación secundaria en Costa Rica y alternativas hacia una salud integral / </subfield>
    <subfield code="c">Ana Lorena Rojas B.; Alberto Morales B.; Marianella Lizano C.; Edith Montecinos; Regina Velazco D.; Carmen Jiménez R.</subfield>
  </datafield>
  <datafield tag="260" ind1=" " ind2=" ">
    <subfield code="a">San José, Costa Rica : </subfield>
    <subfield code="b">Clinica de Atención Integral a al Adolecencia del Hospital Nacional de Niños, </subfield>
    <subfield code="c">1991</subfield>
  </datafield>
  <datafield ind1=" " ind2=" " tag="300">
    <subfield code="a">99</subfield>
  </datafield>
  <datafield ind2=" " ind1=" " tag="490">
    <subfield code="a">Mujer, niño y adolescente</subfield>
  </datafield>
  <datafield tag="650" ind1="1" ind2="4">
    <subfield code="a">ADOLESCENTES</subfield>
    <subfield code="9">5</subfield>
  </datafield>
  <datafield ind1="1" ind2="4" tag="650">
    <subfield code="a">EDUCACIÓN SECUNDARIA</subfield>
    <subfield code="9">456</subfield>
  </datafield>
  <datafield tag="650" ind2="4" ind1="1">
    <subfield code="a">INVESTIGACIÓN</subfield>
    <subfield code="9">163</subfield>
  </datafield>
  <datafield ind1="1" ind2="4" tag="650">
    <subfield code="a">SALUD</subfield>
    <subfield code="9">268</subfield>
  </datafield>
  <datafield ind1=" " ind2=" " tag="700">
    <subfield code="a">Morales B., Alberto</subfield>
    <subfield code="9">4091</subfield>
  </datafield>
  <datafield tag="700" ind1="1" ind2=" ">
    <subfield code="a">Lizano C., Marianella</subfield>
    <subfield code="9">4092</subfield>
  </datafield>
  <datafield ind1=" " ind2=" " tag="700">
    <subfield code="a">Montecinos, Edith</subfield>
    <subfield code="9">4093</subfield>
  </datafield>
  <datafield tag="700" ind2=" " ind1="1">
    <subfield code="a">Velazco D., Regina</subfield>
    <subfield code="9">4094</subfield>
  </datafield>
  <datafield ind2=" " ind1=" " tag="700">
    <subfield code="a">Jiménez R., Carmen</subfield>
    <subfield code="9">4095</subfield>
  </datafield>
  <datafield ind1=" " ind2=" " tag="942">
    <subfield code="2">z</subfield>
    <subfield code="c">01</subfield>
  </datafield>
</record>